<?xml version="1.0" encoding="utf-8"?>
<record xmlns="http://www.loc.gov/MARC21/slim" xmlns:xsi="http://www.w3.org/2001/XMLSchema-instance" xsi:schemaLocation="http://www.loc.gov/MARC21/slim http://www.loc.gov/standards/marcxml/schema/MARC21slim.xsd">
	<leader>     nam a22        4500</leader>
	<controlfield tag="001">001683284</controlfield>
	<controlfield tag="003">NNU</controlfield>
	<controlfield tag="006">m        d        </controlfield>
	<controlfield tag="007">cr cn |||m|||a</controlfield>
	<controlfield tag="008">150424s1914    ua      o     000 0barard</controlfield>
	<datafield ind1=" " ind2=" " tag="040">
		<subfield code="a">NNU</subfield>
		<subfield code="b">eng</subfield>
		<subfield code="c">NNU</subfield>
	</datafield>
	<datafield ind1=" " ind2=" " tag="066">
		<subfield code="c">(3</subfield>
	</datafield>
	<datafield ind1=" " ind2=" " tag="090">
		<subfield code="a">BP75.2</subfield>
		<subfield code="b">.S75 1914</subfield>
	</datafield>
	<datafield ind1="1" ind2=" " tag="100">
		<subfield code="6">880-01</subfield>
		<subfield code="a">Suhaylī, ʻAbd al-Raḥmān ibn ʻAbd Allāh,</subfield>
		<subfield code="d">1114 or 15-1185</subfield>
	</datafield>
	<datafield ind1="1" ind2="0" tag="240">
		<subfield code="6">880-02</subfield>
		<subfield code="a">Rawḍ al-unuf.</subfield>
		<subfield code="f">1914</subfield>
	</datafield>
	<datafield ind1="1" ind2="0" tag="245">
		<subfield code="6">880-03</subfield>
		<subfield code="a">Kitāb al-Rawḍ al-unuf fī tafsīr mā ishtamala ʻalayhi ḥadīth al-Sīrah al-Nabawīyah li-Ibn Hishām</subfield>
		<subfield code="h">[electronic resource] /</subfield>
		<subfield code="c">li-Abī al-Qāsim ʻAbd al-Raḥmān ibn ʻAbd Allāh ibn Aḥmad ibn Abī al-Ḥasan al-Khathʻamī al-Suhaylī. Wa-bi-hāmishihi al-Sīrah al-Nabawīyah / li-Abī Muḥammad ʻAbd al-Malik ibn Hishām al-Maʻāfirī al-Ḥimyarī al-Baṣrī.</subfield>
	</datafield>
	<datafield ind1="3" ind2="0" tag="246">
		<subfield code="6">880-04</subfield>
		<subfield code="a">Rawḍ al-unuf fī tafsīr mā ishtamala ʻalayhi ḥadīth al-Sīrah al-Nabawīyah li-Ibn Hishām</subfield>
	</datafield>
	<datafield ind1=" " ind2=" " tag="260">
		<subfield code="6">880-05</subfield>
		<subfield code="a">Miṣr :</subfield>
		<subfield code="b">Maṭbaʻat al-Jamālīyah,</subfield>
		<subfield code="c">1914.</subfield>
	</datafield>
	<datafield ind1=" " ind2=" " tag="300">
		<subfield code="a">online resource (2 v. in 1)</subfield>
	</datafield>
	<datafield ind1=" " ind2=" " tag="500">
		<subfield code="a">Part of the Arabic Collections Online (ACO) project, contributed by New York Univeristy Libraries.</subfield>
	</datafield>
	<datafield ind1=" " ind2=" " tag="533">
		<subfield code="a">Electronic reproduction.</subfield>
		<subfield code="b">New York, N.Y. :</subfield>
		<subfield code="c">New York University,</subfield>
		<subfield code="d">2015.</subfield>
		<subfield code="5">NNU</subfield>
	</datafield>
	<datafield ind1="0" ind2="0" tag="600">
		<subfield code="a">Muḥammad,</subfield>
		<subfield code="c">Prophet,</subfield>
		<subfield code="d">d. 632.</subfield>
	</datafield>
	<datafield ind1="1" ind2="0" tag="600">
		<subfield code="6">880-06</subfield>
		<subfield code="a">Ibn Hishām, ʻAbd al-Malik,</subfield>
		<subfield code="d">d. 834.</subfield>
		<subfield code="t">Sīrat Rasūl Allāh</subfield>
	</datafield>
	<datafield ind1=" " ind2="0" tag="650">
		<subfield code="a">Muslims</subfield>
		<subfield code="z">Arabian Peninsula</subfield>
		<subfield code="v">Biography</subfield>
		<subfield code="v">Early works to 1800.</subfield>
	</datafield>
	<datafield ind1="1" ind2="2" tag="700">
		<subfield code="6">880-07</subfield>
		<subfield code="a">Ibn Hishām, ʻAbd al-Malik,</subfield>
		<subfield code="d">d. 834</subfield>
		<subfield code="t">Sīrat Rasūl Allāh.</subfield>
		<subfield code="f">1914.</subfield>
	</datafield>
	<datafield ind1="2" ind2=" " tag="710">
		<subfield code="a">New York University.</subfield>
		<subfield code="b">Libraries.</subfield>
	</datafield>
	<datafield ind1="0" ind2=" " tag="730">
		<subfield code="a">Arabic Collections Online.</subfield>
	</datafield>
	<datafield ind1="0" ind2="8" tag="776">
		<subfield code="i">Print version:</subfield>
		<subfield code="a">Suhaylī, ʻAbd al-Raḥmān ibn ʻAbd Allāh, 1114 or 15-1185 880-01</subfield>
		<subfield code="t">Kitāb al-Rawḍ al-unuf fī tafsīr mā ishtamala ʻalayhi ḥadīth al-Sīrah al-Nabawīyah li-Ibn Hishām</subfield>
		<subfield code="w">(NNU)001683284</subfield>
	</datafield>
	<datafield ind1="4" ind2="0" tag="856">
		<subfield code="u">http://hdl.handle.net/2333.1/2z34tq1k</subfield>
	</datafield>
	<datafield ind1="1" ind2=" " tag="880">
		<subfield code="6">100-01/</subfield>
		<subfield code="a">سهيلي، عبد الرحمن بن عبد الله.</subfield>
	</datafield>
	<datafield ind1="1" ind2="0" tag="880">
		<subfield code="6">240-02/</subfield>
		<subfield code="a">روض الأنف .</subfield>
		<subfield code="f">1914</subfield>
	</datafield>
	<datafield ind1="1" ind2="0" tag="880">
		<subfield code="6">245-03/</subfield>
		<subfield code="a">كتاب الروض الأنف في تفسير ما اشتمل عليه حديث السيرة النبوية لابن هشام /</subfield>
		<subfield code="c">لأبي القاسم عبد الرحمن بن عبد الله بن أحمد بن أبي الحسن الخثعمي السهيلي. وبهامشه السيرة النبوية / لأبي محمد عبد الملك بن هشام المعافيري الحميري البصري.</subfield>
	</datafield>
	<datafield ind1="3" ind2="0" tag="880">
		<subfield code="6">246-04/</subfield>
		<subfield code="a">روض الأنف في تفسير ما اشتمل عليه حديث السيرة النبوية لابن هشام</subfield>
	</datafield>
	<datafield ind1=" " ind2=" " tag="880">
		<subfield code="6">260-05/</subfield>
		<subfield code="a">مصر :</subfield>
		<subfield code="b">مطبعة الجمالية،</subfield>
		<subfield code="c">[1914.</subfield>
	</datafield>
	<datafield ind1="1" ind2="0" tag="880">
		<subfield code="6">600-06/</subfield>
		<subfield code="a">ابن هشام، عبد الملك.</subfield>
		<subfield code="t">سيرة رسول الله.</subfield>
	</datafield>
	<datafield ind1="1" ind2="2" tag="880">
		<subfield code="6">700-07/</subfield>
		<subfield code="a">ابن هشام، عبد الملك.</subfield>
		<subfield code="t">سيرة رسول الله.</subfield>
		<subfield code="f">1914.</subfield>
	</datafield>
	<datafield ind1=" " ind2=" " tag="959">
		<subfield code="a">NNU</subfield>
		<subfield code="b">WEB</subfield>
		<subfield code="c">GENI</subfield>
		<subfield code="t">0</subfield>
		<subfield code="m">Electronic access</subfield>
		<subfield code="s">01</subfield>
	</datafield>
	<datafield ind1=" " ind2=" " tag="999">
		<subfield code="i">NNU_001683284</subfield>
		<subfield code="s">nyu_aco000624</subfield>
	</datafield>
</record>
